
@book{DBDA2E,
    author    = "Kruschke, John K.",
    title     = "Doing Bayesian Data Analysis: A Tutorial with R, JAGS, and Stan",
    year      = "2015",
    publisher = "Academic Press / Elsevier",
    url       = "https://sites.google.com/site/doingbayesiandataanalysis",
    edition   = "2nd",
    note      = "ISBN 978-0124058880, 978-0124059160"
}

@proceedings{ASHMATH,
  title        = {DB Time, Average Active Sessions, and ASH Math - Oracle performance fundamentals},
  author       = {John Beresniewicz},
  year         = {2020},
  organization = {RMOUG},
  url          =  {https://t.co/wjz3blBIkv?amp=1}
}